<?xml version="1.0" encoding="UTF-8"?><collection xmlns="http://www.loc.gov/MARC21/slim"><record><leader>00425nam--2200157-i-4500</leader><controlfield tag="001">000042949</controlfield><controlfield tag="002">20161230</controlfield><controlfield tag="005">20170111004037</controlfield><controlfield tag="008">060222s1000------------r-----000-0-eng-d</controlfield><datafield ind1=" " ind2=" " tag="080"><subfield code="a">577.113:541.14</subfield></datafield><datafield ind1=" " ind2=" " tag="100"><subfield code="a">Stirban,Mircea</subfield></datafield><datafield ind1=" " ind2=" " tag="245"><subfield code="a">Bazele biochimice si biofizice in inhibarea si stimularea fotosintezei</subfield></datafield><datafield ind1=" " ind2=" " tag="260"><subfield code="a">Bucuresti</subfield><subfield code="b">Ed.Acad.Rsr</subfield><subfield code="c">1985</subfield></datafield><datafield ind1=" " ind2=" " tag="300"><subfield code="a">174 p</subfield></datafield><datafield ind1=" " ind2=" " tag="852"><subfield code="a">72292</subfield></datafield><datafield ind1=" " ind2=" " tag="CAT"><subfield code="a">SYS</subfield><subfield code="c">20170111</subfield><subfield code="h">004037</subfield></datafield></record></collection>